%References

% Chapter introduction

@misc{chirkin2004propagating,
    title={Propagating leptons through matter with Muon Monte Carlo (MMC)},
    author={Dmitry Chirkin and Wolfgang Rhode},
    year={2004},
    eprint={hep-ph/0407075},
    archivePrefix={arXiv},
    primaryClass={hep-ph}
}

@phdthesis{Kohne:2013zbq,
      author         = "KÃ¶hne, Jan-Hendrik",
      title          = "{Der Leptonpropagator PROPOSAL}",
      school         = "Tech. U., Dortmund (main)",
      year           = "2013-12-19",
      url            = "http://hdl.handle.net/2003/32866",
      doi            = "10.17877/DE290R-13191",
      SLACcitation   = "%%CITATION = INSPIRE-1622936;%%"
}

@online{dunsch_2018_proposal_improvements,
  title       = {Recent Improvements for the Lepton Propagator PROPOSAL},
  author      = {Dunsch, Mario and
                 Soedingrekso, Jan and
                 Sandrock, Alexander and
                 Meier, Max and
                 Menne, Thorben and
                 Rhode, Wolfgang},
  year        = {2018},
  eprint      = {1809.07740},
  eprinttype  = {arxiv},
  eprintclass = {hep-ph},
  journal     = {Computer Physics Communications},
  doi         = {10.1016/j.cpc.2019.03.021}
}